@article{politis_romano_annals1994,
  title={In-sample or out-of-sample tests of predictability: which one should we use?},
  author={Politis, Dimitris N and Romano, Joseph P},
  journal={The Annals of Statistics},
  volume={22},
  number={04},
  pages={2031--2050},
  year={1994},
}

@article{Marcellino_Stock_Watson_JE2006,
  title={A comparison of direct and iterated multistep AR methods for forecasting macroeconomic time series},
  author={Marcellino, Massimiliano and Stock, James H and Watson, Mark W},
  journal={Journal of Econometrics},
  volume={135},
  pages={499--526},
  year={2006},
  publisher={Elsevier}
}
@article{Stock_Watson_JBES2012,
  title={Generalized shrinkage methods for forecasting using many predictors},
  author={Stock, James H and Watson, Mark W},
  journal={Journal of Business and Economic Statistics},
  volume={40},
  pages={481--493},
  year={2012},
  publisher={American Statistical Association}
}
@article{Stock_Watson_JEL2003,
  title={Forecasting output and inflation: the role of asset prices},
  author={Stock, James H and Watson, Mark W},
  journal={Journal of Economic Literature},
  volume={41},
  pages={788--829},
  year={2003}
}
@article{Stock_DEECON2004,
  title={Structural stability and models of the business cycle},
  author={Stock, James H},
  journal={De Economist},
  volume={152},
  pages={197--209},
  year={2004},
  publisher={Kluwer Academic Publishers}
}

@article{inoue_kilian_ER2004,
  title={In-sample or out-of-sample tests of predictability: which one should we use?},
  author={Inoue, Atsushi and Kilian, Lutz},
  journal={Econometric Review},
  volume={23},
  number={04},
  pages={371--402},
  year={2004},
}

@article{giacomini_rossi_RES2009,
  title={Detecting and predicting forecast breakdowns},
  author={Giacomini, R and Rossi, Barbara},
  journal={Review of Economic Studies},
  volume={76},
  number={02},
  pages={669--705},
  year={2009},
}

@article{zeileis_et_al_CSDA2003,
  title={Testing and dating of structural changes in practice},
  author={Zeileis, A and Kleiber, W and Kramer, W and Hornik, K},
  journal={Computational Statistics and Data Analysis},
  volume={44},
  pages={109--123},
  year={2003},
}

@article{paye_timmermann_JEF2006,
  title={Instability of return prediction models?},
  author={Paye, B.S and Timmermann, Allan},
  journal={Journal of Empirical Finance},
  volume={13},
  number={03},
  pages={274--315},
  year={2006},
}

@article{rapach_wohar_JFE2006,
  title={Strictural breaks and predictive regression models of aggregate U.S. stock returns},
  author={Rapach, David E and Wohar, Mark E},
  journal={Journal of Financial Econometrics},
  volume={4},
  number={02},
  pages={238--274},
  year={2006},
}

@article{GKMT_IJF2013,
  title={Combining expert forecasts: can anything beat the simple average?},
  author={Genre, V and Kenny, G and Meyler, A and Timmermann, A},
  journal={International Journal of Forecasting},
  volume={21},
  number={01},
  pages={108--121},
  year={2013},
  publisher={Elsevier}
}

@article{hansen2009averaging,
  title={Averaging estimators for regressions with a possible structural break},
  author={Hansen, Bruce E},
  journal={Econometric Theory},
  volume={25},
  number={06},
  pages={1498--1514},
  year={2009},
  publisher={Cambridge Univ Press}
}
@article{hansen_ET1992,
  title={Convergence to stochastic integrals for dependent heterogeneous process},
  author={Hansen, Bruce E},
  journal={Econometric Theory},
  volume={8},
  pages={489--500},
  year={1992},
  publisher={Cambridge Univ Press}
}
@article{bai_ET1997,
  title={Estimating multiple breaks one at a time},
  author={Bai, Jushan},
  journal={Econometric Theory},
  volume={13},
  pages={315--352},
  year={1997},
  publisher={Cambridge Univ Press}
}
@article{rossi_ET2005,
  title={Optimal tests for nested model selection with underlying parameter instability},
  author={Rossi, Barbara},
  journal={Econometric Theory},
  volume={21},
  pages={962--990},
  year={2005},
  publisher={Cambridge Univ Press}
}
@article{dejong_davidson_ET2000,
  title={The functional central limit theorem and weak convergence to stochastic integrals I},
  author={De Jong, Robert M and Davidson, James},
  journal={Econometric Theory},
  volume={16},
  pages={621--642},
  year={2000},
  publisher={Cambridge Univ Press}
}

@article{hansen2011jackknife,
  title={Jackknife model averaging},
  author={Hansen, Bruce E and Racine, Jeffrey S},
  journal={Journal of Econometrics},
  year={2011},
  publisher={Elsevier}
}
@article{hansen_JE2008,
  title={Least-squares forecast averaging},
  author={Hansen, Bruce E},
  journal={Journal of Econometrics},
  volume={146},
  pages={342--350},
  year={2008},
  publisher={Elsevier}
}
@article{pesaran_timmermann_JE2007,
  title={Selection of estimation window in the presence of breaks},
  author={Pesaran, M. H and Timmermann, Allan},
  journal={Journal of Econometrics},
  volume={137},
  pages={134--161},
  year={2007},
  publisher={Elsevier}
}
@article{inoue_kilian_JE2006,
  title={On the selection of forecasting models},
  author={Inoue, Atsushi and Kilian, Lutz},
  journal={Journal of Econometrics},
  volume={130},
  year={2006},
  publisher={Elsevier}
}
@article{hansen_JE2000,
  title={Testing for structural change in conditional models},
  author={Hansen, Bruce E},
  journal={Journal of Econometrics},
  volume={97},
  year={2000},
  pages={93--115},
  publisher={Elsevier}
}
@article{andrews_JE1991,
  title={Asymptotic optimality of generalized CL,cross-validation, and generalized cross-validation in regression with heteroskedastic errors},
  author={Andrews, Donald W.K},
  journal={Journal of Econometrics},
  volume={47},
  year={1991},
  pages={359--377},
  publisher={North-Holland}
}
@article{bai_JE1999,
  title={Likelihood ratio tests for multiple structural changes},
  author={Bai, Jushan},
  journal={Journal of Econometrics},
  year={1999},
  pages={299--323},
  publisher={Elsevier}
}
@article{pesaran_timmermann_JE2007,
  title={Selection of estimation window in the presence of breaks},
  author={Pesaran, M.Hashem and Timmermann, Allan},
  journal={Journal of Econometrics},
  year={2007},
  number={01},
  pages={134--161},
  publisher={Elsevier}
}
@article{mccracken_JE2000,
  title={Robust out-of-sample inference},
  author={McCracken, Michael W},
  journal={Journal of Econometrics},
  year={2000},
  volume={99},
  pages={195--223},
  publisher={Elsevier}
}
@article{clark_mccracken_JE2001,
  title={Tests of equal forecast accuracy and encompassing for nested models},
  author={Clark, Todd E and McCracken, Michael W},
  journal={Journal of Econometrics},
  year={2001},
  volume={105},
  pages={85--110},
  publisher={Elsevier}
}
@article{clark_mccracken_JE2005,
  title={The power of tests of predictive ability in the presence of structural breaks},
  author={Clark, Todd E and McCracken, Michael W},
  journal={Journal of Econometrics},
  year={2005},
  volume={124},
  pages={1--31},
  publisher={Elsevier}
}
@article{clark_west_JE2007,
  title={Approximately normal tests for equal predictive accuracy in nested models},
  author={Clark, Todd E and West, Kenneth D},
  journal={Journal of Econometrics},
  year={2007},
  volume={138},
  pages={291--311},
  publisher={Elsevier}
}
@article{mccracken_JE2007,
  title={Asymptotics for out of sample tests of Granger causality},
  author={McCracken, Michael W},
  journal={Journal of Econometrics},
  year={2007},
  volume={140},
  pages={719--752},
  publisher={Elsevier}
}

@article{elliott_muller_RES2006,
  title={Efficient tests for general persistent time variation in regression coefficients},
  author={Elliott, Graham and Muller, Ulrich K},
  journal={Review of Economics Studies},
  volume={73},
  pages={907--940},
  year={2006},
}

@article{hansen_EMETRICA1996,
  title={Inference when a niusance parameter is not identified under the null hypothesis},
  author={Hansen, Bruce E},
  journal={Econometrica},
  volume={64},
  number={02},
  pages={413--430},
  year={1996},
  publisher={The Econometric Society}
}
@article{hansen_EMETRICA2007,
  title={Least squares model averaging},
  author={Hansen, Bruce E},
  journal={Econometrica},
  volume={75},
  number={04},
  pages={1175--1189},
  year={2007},
  publisher={The Econometric Society}
}
@article{white_EMETRICA2000,
  title={A reality check for data snooping},
  author={White, Halbert},
  journal={Econometrica},
  volume={68},
  number={05},
  pages={1097--1126},
  year={2000},
  publisher={The Econometric Society}
}
@article{white_giacomini_EMETRICA2006,
  title={Tests of conditional predictive ability},
  author={Raffaella, Giacomini and White, Halbert},
  journal={Econometrica},
  volume={74},
  number={06},
  pages={1545--1578},
  year={2006},
  publisher={The Econometric Society}
}
@article{andrews2003,
  title={End-of-sample instability tests},
  author={Andrews, Donald W.K},
  journal={Econometrica},
  volume={71},
  number={06},
  pages={1661--1694},
  year={2003},
  publisher={The Econometric Society}
}
@article{andrews93,
  title={Tests for parameter instability and structural change with unknown change point},
  author={Andrews, Donald W.K},
  journal={Econometrica},
  volume={61},
  number={04},
  pages={821--856},
  year={1993},
  publisher={The Econometric Society}
}
@article{andrews_ploberger94,
  title={Optimal tests when a nuisance parameter is present only under the alternative},
  author={Andrews, Donald W.K and Ploberger, Werner},
  journal={Econometrica},
  volume={62},
  number={06},
  pages={1383--1414},
  year={1994},
  publisher={The Econometric Society}
}
@article{andrews91,
  title={Heteroskedasticity and autocorrelation consistent covariance matrix estimation},
  author={Andrews, Donald W.K},
  journal={Econometrica},
  volume={59},
  number={03},
  pages={817--858},
  year={1991},
  publisher={The Econometric Society}
  }
@article{bai_perron98,
    title={Estimating and testing linear models with multiple structural changes},
    author={Bai, Jushan and Perron, Pierre},
    journal={Econometrica},
    volume={66},
    number={01},
    pages={47--78},
    year={1998},
    publisher={The Econometric Society}
  }
@article{kvb2000,
  title={Simple robust testing of regression hypothesis},
  author={Kiefer, Nicholas M and Volgosang, Timothy J and Bunzel, Helle},
  journal={Econometrica},
  volume={68},
  number={03},
  pages={695--714},
  year={2000},
  publisher={The Econometric Society}
}
@article{newey_west_EMETRICA1987,
  title={A simple positive semi-definite heteroskedasticity and autocorrelation consistent covariance matrix},
  author={Newey, Whitney K and West, Kenneth D},
  journal={Econometrica},
  volume={55},
  number={03},
  pages={703--708},
  year={1987},
  publisher={The Econometric Society}
}
@article{west_EMETRICA1996,
  title={Asymptotic inference about predictive ability},
  author={West, Kenneth D},
  journal={Econometrica},
  volume={64},
  number={05},
  pages={1067--1084},
  year={1996},
  publisher={The Econometric Society}
}
@article{mikusheva_EMETRICA2007,
  title={Uniform inference in autoregressive models},
  author={Mikusheva, Anna},
  journal={Econometrica},
  volume={75},
  number={05},
  pages={1411--1452},
  year={2007},
  publisher={The Econometric Society}
}
@article{mikusheva_EMETRICA2012,
  title={One-dimensional inference in autoregressive models with the potential presence of a unit root},
  author={Mikusheva, Anna},
  journal={Econometrica},
  volume={80},
  number={01},
  pages={173--212},
  year={2012},
  publisher={The Econometric Society}
}

@article{rsz2010,
  title={Out-of-sample equity premium prediction: combination forecasts and links to the real economy},
  author={Rapach, David and Strauss, Jack and Zhou, Guofu},
  journal={Review of Financial Studies},
  volume={23},
  pages={821--862},
  year={2010},
  publisher={Oxford Univ Press}
}
@article{goyal_welch_RFS2008,
  title={A comprehensive look at the empirical performance of equity premium prediction},
  author={Welch, Ivo and Goyal, Amit},
  journal={Review of Financial Studies},
  volume={21},
  number={04},
  pages={1455--1508},
  year={2008},
  publisher={Oxford Univ Press}
}
@article{campbell_thompson_RFS2008,
  title={Predicting excess stock returns out of sample: can anything beat the historical average?},
  author={Campbell, John Y and Thompson, Samuel B},
  journal={Review of Financial Studies},
  volume={21},
  number={04},
  pages={1509--1531},
  year={2008},
  publisher={Oxford Univ Press}
}

@article{newey_mcfadden_HANDBOOK1994,
  title={Large sample estimation and hypothesis testing},
  author={Newey, Whitney K and McFadden, Daniel},
  journal={Handbook of Econometrics},
  volume={4},
  chapter={36},
  year={1994},
  publisher={Elsevier}
}
@article{andrews_HANDBOOK1994,
  title={Empirical process methods in econometrics},
  author={Andrews, Donald W.K},
  journal={Handbook of Econometrics},
  volume={4},
  chapter={37},
  year={1994},
  publisher={Elsevier}
}
@article{hall_HANDBOOK1994,
  title={Methodology and theory for the bootstrap},
  author={Hall, Peter},
  journal={Handbook of Econometrics},
  volume={4},
  chapter={39},
  year={1994},
  publisher={Elsevier}
}
@article{woodridge_HANDBOOK1994,
  title={Estimation and inference for dependent processes},
  author={Woodridge, Jeffrey M},
  journal={Handbook of Econometrics},
  volume={4},
  chapter={45},
  year={1994},
  publisher={Elsevier}
}
@article{stock_HANDBOOK1994,
  title={Unit roots, structural breaks and trends},
  author={Stock, James H},
  journal={Handbook of Econometrics},
  volume={4},
  chapter={46},
  year={1994},
  publisher={Elsevier}
}
@article{watson_HANDBOOK1994,
  title={Vector autoregression and cointegration},
  author={Watson, Mark W},
  journal={Handbook of Econometrics},
  volume={4},
  chapter={47},
  year={1994},
  publisher={Elsevier}
}
@article{horowitz_HANDBOOK2001,
  title={The bootstrap},
  author={Horowitz, Joel L},
  journal={Handbook of Econometrics},
  volume={5},
  chapter={52},
  year={2001},
  publisher={Elsevier}
}

@article{timmermann2006forecast,
  title={Forecast combinations},
  author={Timmermann, Allan},
  journal={Handbook of Economic Forecasting},
  volume={1},
  pages={135--196},
  year={2006},
  publisher={Elsevier}
}
@article{west_HANDBOOK2006,
  title={Forecast evaluation},
  author={West, Kenneth D},
  journal={Handbook of Economic Forecasting},
  volume={1},
  pages={99--134},
  year={2006},
  publisher={Elsevier}
}
@article{Rapach_Zhou_HANDBOOK2013,
  title={Forecasting Stock Returns},
  author={Rapach, David E and Zhou, Guofu},
  journal={Handbook of Economic Forecasting},
  volume={2},
  pages={328--383},
  year={2013},
  publisher={Elsevier}
}
@article{clark_mccracken_HANDBOOK2013,
  title={Advances in Forecast Evaluation},
  author={Clark, Todd E and McCracken, Michael W},
  journal={Handbook of Economic Forecasting},
  volume={2},
  pages={1107--1201},
  year={2013},
  publisher={Elsevier}
}
@article{rossi_HANDBOOK2013,
  title={Advances in Forecasting under Instability},
  author={Rossi, Barbara},
  journal={Handbook of Economic Forecasting},
  volume={2},
  pages={1203--1324},
  year={2013},
  publisher={Elsevier}
}
@article{elliott11,
  title={Forecast combination when outcomes are difficult to predict},
  author={Elliott, Graham},
  school={University of California at San Diego},
  year={2011}
}
@article{elliott_op_combonination_11,
  title={Averaging and the optimal combination of forecasts},
  author={Elliott, Graham},
  school={University of California at San Diego},
  year={2011}
}
@article{cenesizoglu_timmermann_2012,
  title={Do return prediction models add economic value?},
  author={Cenesizoglu, Tolga and Timmermann, Allan},
  year={2012}
}
@article{hansen_timmermann_2013,
  title={Equivalence Between Out--of--Sample Forecast Comparisons and Wald Statistics},
  author={Hansen, Peter Reinhard and Timmermann, Allan},
  year={2013}
}
@article{hansen_timmermann_2012,
  title={Choice of Sample Split in Out--of--Sample Forecast Evaluation},
  author={Hansen, Peter Reinhard and Timmermann, Allan},
  year={2012}
}
@article{liu_okui2012,
  title={Heteroskedasticity-robust Cp model averaging},
  author={Liu, Qingfeng and Okui, Ryo},
  year={2012}
}
@article{Chen_Hong2013,
  title={Detecting for smooth structural changes in GARCH models},
  author={Chen, Bin and Hong, Yongmiao},
  year={2013}
}
@article{bunzel_iglesias,
  title={Testing for breaks using alternating observations},
  author={Bunzel, Helle and Iglesias, Emma M},
  year={2007}
}
@article{bunzel_calhoun_2012,
  title={Cross-validation as a tool for inference under instability},
  author={Bunzel, Helle and Calhoun, Gray},
  address={Iowa State University},
  year={2012}
}
@article{calhoun_overfit_2014,
  title={Out-of-sample comparisons of overfit models},
  author={Calhoun, Gray},
  address={Iowa State University},
  year={2014}
}
@article{calhoun_bootstrap_2013,
  title={An asymptotically normal out-of-sample test of equal predictive accuracy for nested models},
  author={Calhoun, Gray},
  address={Iowa State University},
  year={2013}
}
@article{giacomini_rossi_2008,
  title={Forecast comparisons in unstable environments},
  author={Giacomini, Raffaella and Rossi, Barbara},
  year={2008}
}
@article{giacomini_rossi_2010,
  title={Model comparisons in unstable environments},
  author={Giacomini, Raffaella and Rossi, Barbara},
  year={2010}
}
@article{sunyixiao_2010,
  title={Let's fix it: fixed-b asymptotics versus small-b asymptotics in heteroscedasticity and autocorrelation robust inference},
  author={Sun, Yixiao},
  school={University of California at San Diego},
  year={2010}
}
@article{sunyixiao_2011,
  title={Asymptotic F test in a GMM framework},
  author={Sun, Yixiao},
  school={University of California at San Diego},
  year={2011}
}
@article{pesaran_pick_pranovich_2011,
  title={Optimal forecasts in the presence of structural breaks},
  author={Pesaran, M.H and Pick, A and Pranovich, M},
  school={University of Cambridge},
  year={2011}
}
@article{clark_mccracken_averagingVAR_2008,
  title={Averaging forecasts from VARs with unvertain instabilities},
  author={Clark, Todd E and McCracken, Michael W},
  school={Federal Reserve Bank of Kansas City and Board of Governors of the Federal Reserve System},
  year={2011}
}
@article{Huskova_Kirch__2012,
  title={Bootstraping sequential change-point tests for linear regression},
  author={Huskova, Marie and Kirch, Claudia},
  school={University of Cambridge},
  year={2011}
}
@article{yin2012,
  title={Shall we blame parameter instability for the poor forecasting performance of excess returns predictors?},
  author={Yin, Anwen},
  school={Iowa State University},
  year={2012}
}

@BOOK{asymstat,
  author =       {Sen, Pranab K and Singer, Julio M and Pedroso de Lima, Antonio C},
  editor =       {Cambridge series in statistical and probabilistic mathematics},
  title =        {From Finite Sample to Asymptotic Methods in Statistics},
  publisher =    {Cambridge Press},
  year =         {2010},
}
@BOOK{asym_stat_textbook,
  author =       {Van der Vaart, A.W.},
  editor =       {Cambridge series in statistical and probabilistic mathematics},
  title =        {Asymptotic Statistics},
  publisher =    {Cambridge Press},
  year =         {1998},
}
@BOOK{brownian_motion_textbook,
  author =       {M\:{o}rters, Peter and Peres, Yuval},
  editor =       {Cambridge series in statistical and probabilistic mathematics},
  title =        {Brownian Motion},
  publisher =    {Cambridge Press},
  year =         {2010},
}
@BOOK{microeconometrics_textbook,
  author =       {Cameron, A. Colin and Trivedi, Pravin K.},
  title =        {Microeconometrics: Methods and Applications},
  publisher =    {Cambridge Press},
  year =         {2005},
}
@BOOK{applied_ts_econometrics_textbook,
  author =       {L\"{u}tkepohl, Helmut and Kr\"{a}tzig, Markus},
  editor =       {Themes in modern econometrics},
  title =        {Applied Time Series Econometrics},
  publisher =    {Cambridge Press},
  year =         {2004},
}
@BOOK{econometric_modeling_ts_textbook,
  author =       {Martin, Vance and Hurn, Stan and Harris, David},
  editor =       {Themes in modern econometrics},
  title =        {Econometric Modelling with Time Series; Specification, Estimation and Testing},
  publisher =    {Cambridge Press},
  year =         {2013},
}
@BOOK{uroot_coninte_break_textbook,
  author =       {Maddala, G.S. and In-Moo, Kim},
  editor =       {Themes in modern econometrics},
  title =        {Unit Roots, Cointegration, and Structural Change},
  publisher =    {Cambridge Press},
  year =         {1998},
}
@BOOK{econometric_theory_practice_textbook,
  author =       {Corbae, Dean and Durlauf, Steven N and Hansen, Bruce E},
  title =        {Econometric Theory and Practice: Frontier of Analysis and Applied Research},
  publisher =    {Cambridge Press},
  year =         {2006},
}
@BOOK{matrix,
  author =       {Abadir, Karim M and Magnus, Jan R},
  editor =       {Abadir, Karim M and Magnus, Jan R and Phillips, Peter C.B},
  title =        {Matrix Algebra},
  publisher =    {Cambridge Press},
  year =         {1980},
}
@BOOK{martingale_limit_textbook,
  author =       {Hall, P and Heyde, C.C},
  title =        {Martingale Limit Theory and Its Application},
  publisher =    {Academic Press},
  year =         {1994},
}
@BOOK{hamilton_textbook,
  author =       {Hamilton, James D},
  title =        {Time Series Analysis},
  publisher =    {Princeton Press},
  year =         {1994},
}
@BOOK{woodridge_textbook,
  author =       {Woodridge, Jeffrey M},
  title =        {Econometric Analysis of Cross Section and Panel Data},
  publisher =    {The MIT Press},
  year =         {2002},
}
@BOOK{white_textbook,
  author =       {White, Halbert},
  title =        {Asymptotic Theory for Econometricians, Revised Edition},
  publisher =    {Academic Press},
  year =         {2001},
}
@BOOK{davidson_textbook,
  author =       {Davidson, James},
  title =        {Stochastic Limit Theory: An Introduction for Econometricians},
  publisher =    {Oxford University Press},
  year =         {1994},
}
@BOOK{gmm_hall_textbook,
  author =       {Hall, Alastair R},
  title =        {Generalized Method of Moments},
  publisher =    {Oxford University Press},
  year =         {2005},
}
@BOOK{davidson_mackinnon_textbook,
  author =       {Davidson, Russell and MacKinnon, James G},
  title =        {Estimation and Inference in Econometrics},
  publisher =    {Oxford University Press},
  year =         {1993},
}
@BOOK{lutkepohl_textbook,
  author =       {L\"{u}tkepohl, Helmut},
  title =        {New Introduction to Multiple Time Series Analysis},
  publisher =    {Springer},
  year =         {2005},
}
@BOOK{lehmann_romano_textbook,
  author =       {Lehmann, E.L and Romano, Joseph P},
  title =        {Testing Statistical Hypothesis},
  edition =		 {Third},
  publisher =    {Springer},
  year =         {2005},
}
@BOOK{multivariate_statistics_textbook,
  author =       {Bilodeau, Martin and Brenner, David},
  title =        {Theory of Multivariate Statistics},
  publisher =    {Springer},
  year =         {1999},
}
@BOOK{white_mle_textbook,
  author =       {White, Halbert},
  title =        {Estimation, Inference and Specification Analysis},
  publisher =    {Cambridge},
  year =         {1996},
}
@BOOK{linear_model_textbook,
  author =       {Ravishanker, Nalini and Dipak, K.Dey},
  title =        {A First Course in Linear Model Theory},
  publisher =    {Chapman and Hall--CRC},
  year =         {2001},
}
@BOOK{methods_modern_econometrics_textbook,
  author =       {Anatolyev, Stanislav and Gospodinov, Nikolay},
  title =        {Methods for Estimation and Inference in Modern Econometrics},
  publisher =    {Chapman and Hall--CRC},
  year =         {2011},
}
@BOOK{bayesian_model_selection_textbook,
  author =       {Ando, Tomohiro},
  title =        {Bayesian Model Selection and Statistical Modeling},
  publisher =    {Chapman and Hall--CRC},
  year =         {2010},
}
@BOOK{bootstrap_edgeworth_textbook,
  author =       {Hall, Peter},
  title =        {The Bootstrap and Edgeworth Expansion},
  publisher =    {Springer--Verlag},
  year =         {1992},
}
@BOOK{subsampling_textbook,
  author =       {Politis, Dimitris N and Romano, Joseph P and Wolf, Michael},
  title =        {Subsampling},
  publisher =    {Springer},
  year =         {1999},
}
@BOOK{resampling_methods_textbook,
  author =       {Lahiri, S.N.},
  title =        {Resampling Methods for Dependent Data},
  publisher =    {Springer},
  year =         {2003},
}
@BOOK{stochastic_calculus_textbook,
  author =       {Klebaner, Fima C},
  title =        {Introduction to Stochastic Calculus with Applications},
  publisher =    {Imperial College Press},
  year =         {2012},
}
@BOOK{boot_tests_textbook,
  author =       {Godfrey, Leslie},
  title =        {Bootstrap Tests for Regression Models},
  publisher =    {Palgrave Macmillan},
  year =         {2009},
}
@BOOK{unit_root_ts_v1_textbook,
  author =       {Patterson, Kerry},
  title =        {Unit Root Tests in Time Series},
  volume =       {1},
  publisher =    {Palgrave Macmillan},
  year =         {2011},
}
@BOOK{unit_root_ts_v2_textbook,
  author =       {Patterson, Kerry},
  title =        {Unit Root Tests in Time Series},
  volume =       {2},
  publisher =    {Palgrave Macmillan},
  year =         {2011},
}
@BOOK{probability_measure_textbook,
  author =       {Billingsley, Patrick},
  title =        {Probability and Measure},
  edition =      {3},
  publisher =    {John Wiley and Sons},
  year =         {1995},
}
@BOOK{stat_handbook_textbook,
  author =       {Rao, Tata Subba and Rao, Suhasini Subba and Rao, C.R.},
  title =        {Handbook of Statistics: Time Series Analysis},
  volume =       {30},
  publisher =    {Elsevier},
  year =         {2012},
}
